<record><leader>00000cas a22000007a 4500</leader><controlfield tag="001">20707055</controlfield><controlfield tag="008">891129d188u1911nduwr ne      0    0eng d</controlfield><datafield ind1=" " ind2=" " tag="010"><subfield code="a">sn 89074423 </subfield></datafield><datafield ind1=" " ind2=" " tag="040"><subfield code="a">NOP</subfield><subfield code="b">eng</subfield><subfield code="c">NOP</subfield><subfield code="d">OCLCQ</subfield></datafield><datafield ind1=" " ind2=" " tag="042"><subfield code="a">msc</subfield></datafield><datafield ind1="0" ind2="0" tag="245"><subfield code="a">Grand Forks weekly herald.</subfield></datafield><datafield ind1="3" ind2="0" tag="246"><subfield code="a">Weekly herald</subfield></datafield><datafield ind1=" " ind2=" " tag="260"><subfield code="a">Grand Forks, Dakota [N.D.] :</subfield><subfield code="b">Geo. B. Winship</subfield></datafield><datafield ind1=" " ind2=" " tag="300"><subfield code="a">v. :</subfield><subfield code="b">ill. ;</subfield><subfield code="c">54 cm.</subfield></datafield><datafield ind1=" " ind2=" " tag="310"><subfield code="a">Weekly,</subfield><subfield code="b">&lt;1881-1911&gt;</subfield></datafield><datafield ind1=" " ind2=" " tag="321"><subfield code="a">Weekly,</subfield><subfield code="b">&lt;18uu-1881&gt;</subfield></datafield><datafield ind1=" " ind2=" " tag="321"><subfield code="a">Semiweekly,</subfield><subfield code="b">&lt;July-Oct. 1881?&gt;</subfield></datafield><datafield ind1=" " ind2=" " tag="500"><subfield code="a">"Grand Forks" becomes part of masthead ornament Nov. 12, 1886.</subfield></datafield><datafield ind1=" " ind2=" " tag="530"><subfield code="a">Available on microfilm from the State Historical Society of North Dakota.</subfield></datafield><datafield ind1=" " ind2=" " tag="580"><subfield code="a">Daily eds.: Daily herald (Grand Forks, N.D. : 1881), 1881-1883, and: Grand Forks daily herald (Grand Forks, N.D. : 1883), 1883-1888, and: Daily herald (Grand Forks, N.D. : 1888), 1888-1891, and: Grand Forks daily herald (Grand Forks, N.D. : 1891), 1891-1911.</subfield></datafield><datafield ind1=" " ind2=" " tag="588"><subfield code="a">Description based on: Vol. 6, no. 1 (June 20, 1884).</subfield></datafield><datafield ind1=" " ind2=" " tag="752"><subfield code="a">United States</subfield><subfield code="b">North Dakota</subfield><subfield code="c">Grand Forks</subfield><subfield code="d">Grand Forks.</subfield></datafield><datafield ind1="1" ind2=" " tag="775"><subfield code="t">Daily herald (Grand Forks, N.D. : 1881)</subfield><subfield code="w">(DLC)sn 89074401</subfield></datafield><datafield ind1="1" ind2=" " tag="775"><subfield code="t">Grand Forks daily herald (Grand Forks, N.D. : 1883)</subfield><subfield code="w">(DLC)sn 89074402</subfield></datafield><datafield ind1="1" ind2=" " tag="775"><subfield code="t">Daily herald (Grand Forks, N.D. : 1888)</subfield><subfield code="w">(DLC)sn 89074403</subfield></datafield><datafield ind1="1" ind2=" " tag="775"><subfield code="t">Grand Forks daily herald (Grand Forks, N.D. : 1891)</subfield><subfield code="w">(DLC)sn 85042329</subfield></datafield><datafield ind1="0" ind2="0" tag="780"><subfield code="t">Grand Forks herald (Grand Forks, N.D. : 1879)</subfield><subfield code="w">(DLC)sn 89074399</subfield></datafield><datafield ind1="0" ind2="7" tag="785"><subfield code="t">Weekly times (Grand Forks, N.D. : 1907)</subfield><subfield code="w">(DLC)sn 89074398</subfield></datafield><datafield ind1="0" ind2="7" tag="785"><subfield code="t">Weekly times-herald (Grand Forks, N.D.)</subfield><subfield code="w">(DLC)sn 89074400</subfield></datafield></record>